
@book{Aggarwal:2018SpringerDL,
    author = "Charu C. Aggarwal",
    title = "{Neural Network and Deep Learning}",
    year = "2018",
    publisher="Springer",
    doi = "10.1007/978-3-319-94463-0",
}

@misc{Wikipedia:HistoryOfAI,
  title = {History of artificial intelligence},
  howpublished = {\url{https://en.wikipedia.org/wiki/History_of_artificial_intelligence}},
  note = {Accessed: 2023-02-20}
}
